<record><leader>00000cas a22000007a 4500</leader><controlfield tag="001">29427583</controlfield><controlfield tag="008">931204d19981999inuwr ne      0    0eng d</controlfield><datafield ind1=" " ind2=" " tag="010"><subfield code="a">sn 93049016 </subfield></datafield><datafield ind1=" " ind2=" " tag="040"><subfield code="a">NPI</subfield><subfield code="b">eng</subfield><subfield code="c">NPI</subfield><subfield code="d">OCLCQ</subfield></datafield><datafield ind1=" " ind2=" " tag="042"><subfield code="a">msc</subfield></datafield><datafield ind1="0" ind2="4" tag="245"><subfield code="a">The Centerville-Abington crusader.</subfield></datafield><datafield ind1=" " ind2=" " tag="260"><subfield code="a">Centerville, IN :</subfield><subfield code="b">[s.n.],</subfield><subfield code="c">1998-1999.</subfield></datafield><datafield ind1=" " ind2=" " tag="300"><subfield code="a">2 v. :</subfield><subfield code="b">ill. ;</subfield><subfield code="c">36 cm.</subfield></datafield><datafield ind1=" " ind2=" " tag="310"><subfield code="a">Weekly</subfield></datafield><datafield ind1="0" ind2=" " tag="362"><subfield code="a">Vol. 32, no. 50 (Dec. 16, 1998)-v. 33, no. 27 (July 7, 1999).</subfield></datafield><datafield ind1=" " ind2=" " tag="500"><subfield code="a">Published by: Tom &amp; Annie Glen, Jan. 6, 1999-July 7, 1999.</subfield></datafield><datafield ind1=" " ind2=" " tag="752"><subfield code="a">United States</subfield><subfield code="b">Indiana</subfield><subfield code="c">Lake</subfield><subfield code="d">Crown Point.</subfield></datafield><datafield ind1=" " ind2=" " tag="752"><subfield code="a">United States</subfield><subfield code="b">Indiana</subfield><subfield code="c">Wayne</subfield><subfield code="d">Centerville.</subfield></datafield><datafield ind1="0" ind2="0" tag="780"><subfield code="t">Centerville crusader (Centerville, Wayne County, Ind.)</subfield><subfield code="w">(DLC)sn 95067503</subfield></datafield><datafield ind1="0" ind2="0" tag="785"><subfield code="t">Crusader (Centerville, Wayne County, Ind. : 1999)</subfield><subfield code="w">(DLC)sn2002062409</subfield></datafield><datafield ind1="1" ind2=" " tag="029"><subfield code="a">AU@</subfield><subfield code="b">000025877782</subfield></datafield></record>